@book{lev02,
  added-at = {2010-11-11T15:22:40.000+0100},
  author = {LeVeque, Randall J.},
  biburl = {https://www.bibsonomy.org/bibtex/2698a9c78cea123cb104c4dca6606e845/toevanen},
  interhash = {9f78250c0cb4ac062477dd46ab451687},
  intrahash = {698a9c78cea123cb104c4dca6606e845},
  keywords = {FVM book},
  publisher = {Cambridge University Press },
  timestamp = {2010-11-15T15:47:23.000+0100},
  title = {Finite-Volume Methods for Hyperbolic Problems},
  year = 2002
}

@book{bookA,
author = {MITCHELL, A. and Griffiths, David},
year = {1980},
month = {01},
pages = {},
title = {The Finite Difference Method in Partial Differential Equations},
journal = {A Wiley-Interscience Publication}
}

@article{joe,
	author ={Joe LaCasce},
	urldate = {2020-09-25},
	title = {Physical Processes in the Geosciences},
	journal = {Department of Geosciences, University of Oslo, Norway.}
	}
	
	
